


 
@article{reinsel1981statistical,
  title={Statistical analysis of stratospheric ozone data for the detection of trends},
  author={Reinsel, G and Tiao, GC and Wang, MN and Lewis, R and Nychka, D},
  journal={Atmospheric Environment (1967)},
  volume={15},
  number={9},
  pages={1569--1577},
  year={1981},
  publisher={Elsevier}
}

@article{nychka1984cross,
  title={Cross-validated spline methods for the estimation of three-dimensional tumor size distributions from observations on two-dimensional cross sections},
  author={Nychka, Douglas and Wahba, Grace and Goldfarb, Stanley and Pugh, Thomas},
  journal={Journal of the American Statistical Association},
  volume={79},
  number={388},
  pages={832--846},
  year={1984},
  publisher={Taylor \& Francis}
}
@article{koen1983presence,
  title={Presence of $\alpha$-fetoprotein-positive cells in hepatocellular foci and microcarcinomas induced by single injections of diethylnitrosamine in infant mice},
  author={Koen, Hirofumi and Pugh, Thomas D and Nychka, Douglas and Goldfarb, Stanley},
  journal={Cancer research},
  volume={43},
  number={2},
  pages={702--708},
  year={1983},
  publisher={AACR}
}
@article{pugh1983reliable,
  title={Reliable stereological method for estimating the number of microscopic hepatocellular foci from their transections},
  author={Pugh, Thomas D and King, James H and Koen, Hirofumi and Nychka, Douglas and Chover, Joshua and Wahba, Grace and He, Yuz-he and Goldfarb, Stanley},
  journal={Cancer research},
  volume={43},
  number={3},
  pages={1261--1268},
  year={1983},
  publisher={AACR}
}
@article{nychka1984optimal,
  title={Optimal use of sampled tissue sections for estimating the number of hepatocellular foci},
  author={Nychka, Douglas and Pugh, Thomas D and King, James H and Koen, Hirofumi and Wahba, Grace and Chover, Joshua and Goldfarb, Stanley},
  journal={Cancer research},
  volume={44},
  number={1},
  pages={178--183},
  year={1984},
  publisher={AACR}
}
@article{gallant1987semi,
  title={Semi-nonparametric maximum likelihood estimation},
  author={Gallant, A Ronald and Nychka, Douglas W},
  journal={Econometrica: Journal of the Econometric Society},
  pages={363--390},
  year={1987},
  publisher={JSTOR}
}
@article{nychka1988bayesian,
  title={Bayesian confidence intervals for smoothing splines},
  author={Nychka, Douglas},
  journal={Journal of the American Statistical Association},
  volume={83},
  number={404},
  pages={1134--1143},
  year={1988},
  publisher={Taylor \& Francis Group}
}
@article{nychka1989convergence,
  title={Convergence rates for regularized solutions of integral equations from discrete noisy data},
  author={Nychka, Douglas W and Cox, Dennis D},
  journal={The Annals of Statistics},
  pages={556--572},
  year={1989},
  publisher={JSTOR}
}
@article{silverman1990smoothed,
  title={A smoothed EM approach to a class of problems in image analysis and integral equations (with discussion)},
  author={Silverman, BW and Jones, MC and Wilson, JD and Nychka, DW},
  journal={Journal of the Royal Statistical Society Series B},
  volume={52},
  pages={271--324},
  year={1990}
}
@article{nychka1990some,
  title={Some properties of adding a smoothing step to the EM algorithm},
  author={Nychka, Douglas},
  journal={Statistics \& probability letters},
  volume={9},
  number={2},
  pages={187--193},
  year={1990},
  publisher={Elsevier}
}
@article{nychka1990average,
  title={The average posterior variance of a smoothing spline and a consistent estimate of the average squared error},
  author={Nychka, Douglas and others},
  journal={The Annals of Statistics},
  volume={18},
  number={1},
  pages={415--428},
  year={1990},
  publisher={Institute of Mathematical Statistics}
}


@article{ellner1991convergence,
  title={Convergence rates and data requirements for Jacobian-based estimates of Lyapunov exponents from data},
  author={Ellner, S and Gallant, A R\_ and McCaffrey, D and Nychka, D},
  journal={Physics Letters A},
  volume={153},
  number={6-7},
  pages={357--363},
  year={1991},
  publisher={Elsevier}
}

@article{nychka1991choosing,
  title={Choosing a range for the amount of smoothing in nonparametric regression},
  author={Nychka, Douglas},
  journal={Journal of the American Statistical Association},
  volume={86},
  number={415},
  pages={653--664},
  year={1991},
  publisher={Taylor \& Francis Group}
}

@article{nychka1992finding,
  title={Finding chaos in noisy systems},
  author={Nychka, Douglas and Ellner, Stephen and Gallant, A Ronald and McCaffrey, Daniel},
  journal={Journal of the Royal Statistical Society. Series B (Methodological)},
  pages={399--426},
  year={1992},
  publisher={JSTOR}
}

@article{bloomfield1992climate,
  title={Climate spectra and detecting climate change},
  author={Bloomfield, Peter and Nychka, Douglas},
  journal={Climatic Change},
  volume={21},
  number={3},
  pages={275--287},
  year={1992},
  publisher={Springer}
}
@article{meier1993nonparametric,
  title={Nonparametric estimation of rate equations for nutrient uptake},
  author={Meier, Kristen and Nychka, Douglas},
  journal={Journal of the American Statistical Association},
  volume={88},
  number={422},
  pages={602--614},
  year={1993},
  publisher={Taylor \& Francis}
}
@article{schluter1994exploring,
  title={Exploring fitness surfaces},
  author={Schluter, Dolph and Nychka, Douglas},
  journal={The American Naturalist},
  volume={143},
  number={4},
  pages={597--616},
  year={1994},
  publisher={University of Chicago Press}
}
@article{haaland1994analysis,
  title={Analysis of space-filling designs},
  author={Haaland, P and Dickinson, B and McMillan, N and Nychka, D},
  journal={Computing Science and Statistics},
  pages={111--120},
  year={1994},
  publisher={PROCEEDINGS PUBLISHED BY VARIOUS PUBLISHERS}
}
@article{nychka1995nonparametric,
  title={Nonparametric transformations for both sides of a regression model},
  author={Nychka, Douglas and Ruppert, David},
  journal={Journal of the Royal Statistical Society. Series B (Methodological)},
  pages={519--532},
  year={1995},
  publisher={JSTOR}
}
@article{nychka1995nonparametricregression,
  title={A nonparametric regression approach to syringe grading for quality improvement},
  author={Nychka, Doug and Gray, Gerry and Haaland, Perry and Martin, David and O'Connell, Michael},
  journal={Journal of the American Statistical Association},
  volume={90},
  number={432},
  pages={1171--1178},
  year={1995},
  publisher={Taylor \& Francis}
}

@article{nychka1995splines,
  title={Splines as local smoothers},
  author={Nychka, Douglas},
  journal={The Annals of Statistics},
  pages={1175--1197},
  year={1995},
  publisher={JSTOR}
}

@article{oconnell1995generalized,
  title={A generalized linear classification model with a smooth link function and predictors obtained from quantile spline fits to high-dimensional data},
  author={O'Connell, Michael and Nychka, Douglas},
  journal={Journal of statistical planning and inference},
  volume={47},
  number={1-2},
  pages={153--164},
  year={1995},
  publisher={Elsevier}
}
@article{graham1995template,
  title={Template-based MOSFET device model},
  author={Graham, Mark G and Paulos, John J and Nychka, Douglas W},
  journal={IEEE transactions on computer-aided design of integrated circuits and systems},
  volume={14},
  number={8},
  pages={924--933},
  year={1995},
  publisher={IEEE}
}
@article{royle1997algorithm,
  title={An algorithm for the construction of spatial designs with an implementation in splus},
  author={Royle, JA and Nychka, D},
  journal={Computers and Geosciences},
  volume={24},
  pages={479--488},
  year={1997}
}

@article{ellner1998noise,
  title={Noise and nonlinearity in measles epidemics: combining mechanistic and statistical approaches to population modeling},
  author={Ellner, SP and Bailey, BA and Bobashev, GV and Gallant, AR and Grenfell, BT and Nychka, DW},
  journal={The American Naturalist},
  volume={151},
  number={5},
  pages={425--440},
  year={1998},
  publisher={The University of Chicago Press}
}
@article{davis1998modeling,
  title={Modeling the effects of meteorology on ozone in Houston using cluster analysis and generalized additive models},
  author={Davis, JM and Eder, BK and Nychka, D and Yang, Q},
  journal={Atmospheric Environment},
  volume={32},
  number={14},
  pages={2505--2520},
  year={1998},
  publisher={Elsevier}
}
@article{tsai1999smoothing,
  title={Smoothing hazard functions for telemetry survival data in wildlife studies},
  author={Tsai, Kuenhi and Brownie, Cavell and Nychka, Douglas W and Pollock, Kenneth H},
  journal={Bird Study},
  volume={46},
  number={sup1},
  pages={S47--S54},
  year={1999},
  publisher={Taylor \& Francis}
}
@article{santer2000statistical,
  title={Statistical significance of trends and trend differences in layer-average atmospheric temperature time series},
  author={Santer, Benjamin D and Wigley, TML and Boyle, JS and Gaffen, Dian J and Hnilo, JJ and Nychka, D and Parker, DE and Taylor, KE},
  journal={Journal of Geophysical Research: Atmospheres},
  volume={105},
  number={D6},
  pages={7337--7356},
  year={2000},
  publisher={Wiley Online Library}
}
@article{nychka2000nonparametric,
  title={A nonparametric multiple choice method within the random utility framework},
  author={Huang, Ju-Chin and Nychka, Douglas W},
  journal={Journal of Econometrics},
  volume={97},
  number={2},
  pages={207--225},
  year={2000},
  publisher={Elsevier}
}
@article{errico2000some,
  title={Some statistical considerations associated with the data assimilation of precipitation observations},
  author={Errico, Ronald M and Fillion, Luc and Nychka, Douglas and Lu, Zhan-Qian},
  journal={Quarterly Journal of the Royal Meteorological Society},
  volume={126},
  number={562},
  pages={339--359},
  year={2000},
  publisher={Wiley Online Library}
}
@article{davis2000comparison,
  title={A comparison of regional oxidant model (ROM) output with observed ozone data},
  author={Davis, JM and Nychka, D and Bailey, B},
  journal={Atmospheric Environment},
  volume={34},
  number={15},
  pages={2413--2423},
  year={2000},
  publisher={Elsevier}
}
@article{johns2001infilling,
  title={Infilling sparse records of precipitation fields},
  author={Johns, Craig J and Nychka, Douglas and Kittel, Tim and Daly, Chris},
  journal={Journal of the American Statistical Association},
  volume={98},
  number={464},
  pages={796--806},
  year={2001}
}
@article{wikle2001spatiotemporal,
  title={Spatiotemporal hierarchical {B}ayesian modeling of tropical ocean surface winds},
  author={Wikle, Christopher K and Milliff, Ralph F and Nychka, Doug and Berliner, L Mark},
  journal={Journal of the American Statistical Association},
  volume={96},
  number={454},
  pages={382--397},
  year={2001},
  publisher={Taylor \& Francis}
}
@article{small2001changes,
  title={Changes in surface air temperature caused by desiccation of the Aral Sea},
  author={Small, Eric E and Sloan, Lisa Cirbus and Nychka, Doug},
  journal={Journal of Climate},
  volume={14},
  number={3},
  pages={284--299},
  year={2001}
}
@article{cummins2001confidence,
  title={Confidence intervals for nonparametric curve estimates: Toward more uniform pointwise coverage},
  author={Cummins, David J and Filloon, Tom G and Nychka, Douglas},
  journal={Journal of the American Statistical Association},
  volume={96},
  number={453},
  pages={233--246},
  year={2001},
  publisher={Taylor \& Francis}
}
@article{tebaldi2002flexible,
  title={Flexible discriminant techniques for forecasting clear-air turbulence},
  author={Tebaldi, Claudia and Nychka, Doug and Brown, Barbara G and Sharman, Robert},
  journal={Environmetrics},
  volume={13},
  number={8},
  pages={859--878},
  year={2002},
  publisher={Wiley Online Library}
}
@article{nychka2002multiresolution,
  title={Multiresolution models for nonstationary spatial covariance functions},
  author={Nychka, Douglas and Wikle, Christopher and Royle, J Andrew},
  journal={Statistical Modelling},
  volume={2},
  number={4},
  pages={315--331},
  year={2002},
  publisher={Sage Publications Sage CA: Thousand Oaks, CA}
}
@article{matsuo2002modes,
  title={Modes of high-latitude electric field variability derived from DE-2 measurements: Empirical Orthogonal Function (EOF) analysis},
  author={Matsuo, Tomoko and Richmond, Arthur D and Nychka, Douglas W},
  journal={Geophysical research letters},
  volume={29},
  number={7},
  year={2002},
  publisher={Wiley Online Library}
}
@article{oh2003multi,
  title={Multi-resolution time series analysis applied to solar irradiance and climate reconstructions},
  author={Oh, Hee-Seok and Ammann, Caspar M and Naveau, Philippe and Nychka, Doug and Otto-Bliesner, Bette L},
  journal={Journal of Atmospheric and Solar-Terrestrial Physics},
  volume={65},
  number={2},
  pages={191--201},
  year={2003},
  publisher={Elsevier}
}
@article{milliff2003mesoscale,
  title={Mesoscale correlation length scales from NSCAT and Minimet surface wind retrievals in the Labrador Sea},
  author={Milliff, RF and Niiler, PP and Morzel, J and Sybrandy, AE and Nychka, D and Large, WG},
  journal={Journal of Atmospheric and Oceanic Technology},
  volume={20},
  number={4},
  pages={513--533},
  year={2003}
}
@article{holland2003spatial,
  title={Spatial prediction of air quality data},
  author={Holland, David M and Cox, William M and Scheffe, Rich and Cimorelli, Alan J and Nychka, Douglas and Hopke, Philip K},
  journal={EM-PITTSBURGH-AIR AND WASTE MANAGEMENT ASSOCIATION-},
  pages={31--35},
  year={2003},
  publisher={AIR \& WASTE MANAGEMENT ASSOCIATION}
}
@article{hoar2003winds,
  title={Winds from a Bayesian hierarchical model: Computation for atmosphere-ocean research},
  author={Hoar, Timothy J and Milliff, Ralph F and Nychka, Douglas and Wikle, Christopher K and Berliner, L Mark},
  journal={Journal of Computational and Graphical Statistics},
  volume={12},
  number={4},
  pages={781--807},
  year={2003},
  publisher={Taylor \& Francis}
}



@article{bengtsson2003toward,
  title={Toward a nonlinear ensemble filter for high-dimensional systems},
  author={Bengtsson, Thomas and Snyder, Chris and Nychka, Doug},
  journal={Journal of Geophysical Research: Atmospheres},
  volume={108},
  number={D24},
  year={2003},
  publisher={Wiley Online Library}
}


@article{oh2004period,
  title={Period analysis of variable stars by robust smoothing},
  author={Oh, Hee-Seok and Nychka, Doug and Brown, Tim and Charbonneau, Paul},
  journal={Journal of the Royal Statistical Society: Series C (Applied Statistics)},
  volume={53},
  number={1},
  pages={15--30},
  year={2004},
  publisher={Wiley Online Library}
}
@article{meehl2004changes,
  title={Changes in frost days in simulations of twentyfirst century climate},
  author={Meehl, GA and Tebaldi, Claudia and Nychka, Doug},
  journal={Climate Dynamics},
  volume={23},
  number={5},
  pages={495--511},
  year={2004},
  publisher={Springer}
}
@article{tebaldi2005quantifying,
  title={Quantifying uncertainty in projections of regional climate change: A Bayesian approach to the analysis of multimodel ensembles},
  author={Tebaldi, Claudia and Smith, Richard L and Nychka, Doug and Mearns, Linda O},
  journal={Journal of Climate},
  volume={18},
  number={10},
  pages={1524--1540},
  year={2005}
}
@article{gilleland2005statistical,
  title={Statistical models for monitoring and regulating ground-level ozone},
  author={Gilleland, Eric and Nychka, Douglas},
  journal={Environmetrics},
  volume={16},
  number={5},
  pages={535--546},
  year={2005},
  publisher={Wiley Online Library}
}
@article{feddema2005comparison,
  title={A comparison of a GCM response to historical anthropogenic land cover change and model sensitivity to uncertainty in present-day land cover representations},
  author={Feddema, Johannes and Oleson, Keith and Bonan, Gordon and Mearns, Linda and Washington, Warren and Meehl, Gerald and Nychka, Douglas},
  journal={Climate Dynamics},
  volume={25},
  number={6},
  pages={581--609},
  year={2005},
  publisher={Springer}
}
@article{bengtsson2005state,
  title={A state-space model for ocean drifter motions dominated by inertial oscillations},
  author={Bengtsson, Thomas and Milliff, Ralph and Jones, Richard and Nychka, Doug and Niiler, Pearn P},
  journal={Journal of Geophysical Research: Oceans},
  volume={110},
  number={C10},
  year={2005},
  publisher={Wiley Online Library}
}
@article{furrer2006covariance,
  title={Covariance tapering for interpolation of large spatial datasets},
  author={Furrer, Reinhard and Genton, Marc G and Nychka, Douglas},
  journal={Journal of Computational and Graphical Statistics},
  volume={15},
  number={3},
  pages={502--523},
  year={2006},
  publisher={Taylor \& Francis}
}
@article{sain2006multivariate,
  title={A multivariate spatial model for soil water profiles},
  author={Sain, Stephan R and Jagtap, Shrikant and Mearns, Linda and Nychka, Doug},
  journal={Journal of agricultural, biological, and environmental statistics},
  volume={11},
  number={4},
  pages={462--480},
  year={2006},
  publisher={Springer}
}
@article{fuentes2006sensitivity,
  title={Sensitivity of ecological models to their climate drivers: statistical ensembles for forcing},
  author={Fuentes, Montserrat and Kittel, Timothy GF and Nychka, Doug},
  journal={Ecological Applications},
  volume={16},
  number={1},
  pages={99--116},
  year={2006},
  publisher={Wiley Online Library}
}
@article{oh2007role,
  title={The role of pseudo data for robust smoothing with application to wavelet regression},
  author={Oh, Hee-Seok and Nychka, Douglas W and Lee, Thomas CM},
  journal={Biometrika},
  volume={94},
  number={4},
  pages={893--904},
  year={2007},
  publisher={Oxford University Press}
}
@article{li2007hockey,
  title={The {Ôhockey stick'} and the 1990s: a statistical perspective on reconstructing hemispheric temperatures},
  author={Li, Bo and Nychka, Douglas W and Ammann, Caspar M},
  journal={Tellus A},
  volume={59},
  number={5},
  pages={591--598},
  year={2007},
  publisher={Wiley Online Library}
}
@article{furrer2007multivariate,
  title={Multivariate Bayesian analysis of atmosphere--ocean general circulation models},
  author={Furrer, Reinhard and Sain, Stephan R and Nychka, Douglas and Meehl, Gerald A},
  journal={Environmental and ecological statistics},
  volume={14},
  number={3},
  pages={249--266},
  year={2007},
  publisher={Springer}
}
@article{furrer2007framework,
  title={A framework to understand the asymptotic properties of Kriging and splines},
  author={Furrer, Eva M and Nychka, Douglas W},
  journal={Journal of the Korean Statistical Society},
  volume={36},
  number={1},
  pages={57--76},
  year={2007}
}
@article{furrer2007spatial,
  title={Spatial patterns of probabilistic temperature change projections from a multivariate Bayesian analysis},
  author={Furrer, Reinhard and Knutti, Reto and Sain, SR and Nychka, DW and Meehl, GA},
  journal={Geophysical Research Letters},
  volume={34},
  number={6},
  year={2007},
  publisher={Wiley Online Library}
}
@article{cooley2007bayesian,
  title={Bayesian spatial modeling of extreme precipitation return levels},
  author={Cooley, Daniel and Nychka, Douglas and Naveau, Philippe},
  journal={Journal of the American Statistical Association},
  volume={102},
  number={479},
  pages={824--840},
  year={2007},
  publisher={Taylor \& Francis}
}


@article{whitcher2008multi,
  title={A multi-resolution census algorithm for calculating vortex statistics in turbulent flows},
  author={Whitcher, Brandon and Lee, Thomas and Weiss, Jeffrey B and Hoar, Timothy J and Nychka, Douglas W},
  journal={Journal of the Royal Statistical Society: Series C (Applied Statistics)},
  volume={57},
  number={3},
  pages={293--312},
  year={2008},
  publisher={Wiley Online Library}
}

@article{santer2008consistency,
  title={Consistency of modelled and observed temperature trends in the tropical troposphere},
  author={Santer, Benjamin D and Thorne, PW and Haimberger, L and Taylor, Karl E and Wigley, TML and Lanzante, JR and Solomon, Susan and Free, M and Gleckler, Peter J and Jones, PD and others},
  journal={International Journal of Climatology},
  volume={28},
  number={13},
  pages={1703--1722},
  year={2008},
  publisher={Wiley Online Library}
}
@article{lankao2008development,
  title={Development and greenhouse gas emissions deviate from the'modernization'theory and'convergence'hypothesis},
  author={Lankao, P Romero and Nychka, Doug and Tribbia, John L},
  journal={Climate Research},
  volume={38},
  number={1},
  pages={17--29},
  year={2008},
  publisher={JSTOR}
}
@article{malmberg2008interpolating,
  title={Interpolating fields of carbon monoxide data using a hybrid statistical-physical model},
  author={Malmberg, Anders and Arellano, Avelino and Edwards, David P and Flyer, Natasha and Nychka, Doug and Wikle, Christopher},
  journal={The Annals of Applied Statistics},
  pages={1231--1248},
  year={2008},
  publisher={JSTOR}
}
@article{khare2008investigation,
  title={An investigation into the application of an ensemble Kalman smoother to high-dimensional geophysical systems},
  author={Khare, Shree P and Anderson, Jeffrey L and Hoar, Timothy J and Nychka, Douglas},
  journal={Tellus A},
  volume={60},
  number={1},
  pages={97--112},
  year={2008},
  publisher={Wiley Online Library}
}

@article{kaufman2008covariance,
  title={Covariance tapering for likelihood-based estimation in large spatial data sets},
  author={Kaufman, Cari G and Schervish, Mark J and Nychka, Douglas W},
  journal={Journal of the American Statistical Association},
  volume={103},
  number={484},
  pages={1545--1555},
  year={2008},
  publisher={Taylor \& Francis}
}

@article{jun2008spatial,
  title={Spatial analysis to quantify numerical model bias and dependence: how many climate models are there?},
  author={Jun, Mikyoung and Knutti, Reto and Nychka, Douglas W},
  journal={Journal of the American Statistical Association},
  volume={103},
  number={483},
  pages={934--947},
  year={2008},
  publisher={Taylor \& Francis}
}


@article{jun2008local,
  title={Local eigenvalue analysis of CMIP3 climate model errors},
  author={Jun, Mikyoung and Knutti, Reto and Nychka, Douglas W},
  journal={Tellus A},
  volume={60},
  number={5},
  pages={992--1000},
  year={2008},
  publisher={Wiley Online Library}
}
@article{drignei2008parameter,
  title={Parameter estimation for computationally intensive nonlinear regression with an application to climate modeling},
  author={Drignei, Dorin and Forest, Chris E and Nychka, Doug and others},
  journal={The Annals of Applied Statistics},
  volume={2},
  number={4},
  pages={1217--1230},
  year={2008},
  publisher={Institute of Mathematical Statistics}
}
@article{huang2008semi,
  title={Semi-parametric discrete choice measures of willingness to pay},
  author={Huang, Ju-Chin and Nychka, Douglas W and Smith, V Kerry},
  journal={Economics Letters},
  volume={101},
  number={1},
  pages={91--94},
  year={2008},
  publisher={Elsevier}
}
@article{smith2009bayesian,
  title={Bayesian modeling of uncertainty in ensembles of climate models},
  author={Smith, Richard L and Tebaldi, Claudia and Nychka, Doug and Mearns, Linda O},
  journal={Journal of the American Statistical Association},
  volume={104},
  number={485},
  pages={97--116},
  year={2009},
  publisher={Taylor \& Francis}
}
@article{storlie2009tracking,
  title={Tracking of multiple merging and splitting targets: A statistical perspective},
  author={Storlie, Curtis B and Lee, Thomas CM and Hannig, Jan and Nychka, Douglas},
  journal={Statistica Sinica},
  pages={1--31},
  year={2009},
  publisher={JSTOR}
}
@article{lankao2009testing,
  title={Testing theories to explore the drivers of cities' atmospheric emissions},
  author={Lankao, Patricia Romero and Tribbia, John L and Nychka, Doug},
  journal={AMBIO: A Journal of the Human Environment},
  volume={38},
  number={4},
  pages={236--244},
  year={2009},
  publisher={BioOne}
}
@article{winter2010forecasting,
  title={Forecasting skill of model averages},
  author={Winter, CL and Nychka, Doug},
  journal={Stochastic environmental research and risk assessment},
  volume={24},
  number={5},
  pages={633--638},
  year={2010},
  publisher={Springer}
}
@article{li2010value,
  title={The value of multiproxy reconstruction of past climate},
  author={Li, Bo and Nychka, Douglas W and Ammann, Caspar M},
  journal={Journal of the American Statistical Association},
  volume={105},
  number={491},
  pages={883--895},
  year={2010},
  publisher={Taylor \& Francis}
}
@article{sain2011functional,
  title={Functional ANOVA and regional climate experiments: A statistical analysis of dynamic downscaling},
  author={Sain, Stephan R and Nychka, Doug and Mearns, Linda},
  journal={Environmetrics},
  volume={22},
  number={6},
  pages={700--711},
  year={2011},
  publisher={Wiley Online Library}
}
@article{oh2011fast,
  title={Fast nonparametric quantile regression with arbitrary smoothing methods},
  author={Oh, Hee-Seok and Lee, Thomas CM and Nychka, Douglas W},
  journal={Journal of Computational and Graphical Statistics},
  volume={20},
  number={2},
  pages={510--526},
  year={2011},
  publisher={Taylor \& Francis}
}
@article{matsuo2011nonstationary,
  title={Nonstationary covariance modeling for incomplete data: {M}onte {C}arlo {EM} approach},
  author={Matsuo, Tomoko and Nychka, Douglas W and Paul, Debashis},
  journal={Computational Statistics \& Data Analysis},
  volume={55},
  number={6},
  pages={2059--2073},
  year={2011},
  publisher={Elsevier}
}
@article{kleiber2012nonstationary,
  title={Nonstationary modeling for multivariate spatial processes},
  author={Kleiber, William and Nychka, Douglas},
  journal={Journal of Multivariate Analysis},
  volume={112},
  pages={76--91},
  year={2012},
  publisher={Elsevier}
}
@article{sun2012exact,
  title={Exact fast computation of band depth for large functional datasets: How quickly can one million curves be ranked?},
  author={Sun, Ying and Genton, Marc G and Nychka, Douglas W},
  journal={Stat},
  volume={1},
  number={1},
  pages={68--74},
  year={2012},
  publisher={Wiley Online Library}
}
@article{benestad2012specification,
  title={Specification of wet-day daily rainfall quantiles from the mean value},
  author={Benestad, Rasmus E and Nychka, Doug and Mearns, Linda O},
  journal={Tellus A: Dynamic Meteorology and Oceanography},
  volume={64},
  number={1},
  pages={14981},
  year={2012},
  publisher={Taylor \& Francis}
}
@article{benestad2012spatially,
  title={Spatially and temporally consistent prediction of heavy precipitation from mean values},
  author={Benestad, RE and Nychka, D and Mearns, LO},
  journal={Nature Climate Change},
  volume={2},
  number={7},
  pages={544},
  year={2012},
  publisher={Nature Publishing Group}
}
@article{anderes2013nonstationary,
  title={Nonstationary positive definite tapering on the plane},
  author={Anderes, Ethan and Huser, Rapha{\"e}l and Nychka, Douglas and Coram, Marc},
  journal={Journal of Computational and Graphical Statistics},
  volume={22},
  number={4},
  pages={848--865},
  year={2013},
  publisher={Taylor \& Francis Group}
}

@article{lombardozzi2014emerging,
  title={The emerging anthropogenic signal in land-atmosphere carbon-cycle coupling},
  author={Lombardozzi, Danica and Bonan, Gordon B and Nychka, Douglas W},
  journal={Nature Climate Change},
  volume={4},
  number={9},
  pages={796},
  year={2014},
  publisher={Nature Publishing Group}
}
@article{tolwinski2015probabilistic,
  title={Probabilistic reconstructions of local temperature and soil moisture from tree-ring data with potentially time-varying climatic response},
  author={Tolwinski-Ward, SE and Tingley, MP and Evans, MN and Hughes, MK and Nychka, DW},
  journal={Climate dynamics},
  volume={44},
  number={3-4},
  pages={791--806},
  year={2015},
  publisher={Springer}
}
@article{heaton2014constructing,
  title={Constructing valid spatial processes on the sphere using kernel convolutions},
  author={Heaton, MJ and Katzfuss, M and Berrett, C and Nychka, DW},
  journal={Environmetrics},
  volume={25},
  number={1},
  pages={2--15},
  year={2014},
  publisher={Wiley Online Library}
}
@article{kleiber2015equivalent,
  title={Equivalent kriging},
  author={Kleiber, William and Nychka, Douglas W},
  journal={Spatial Statistics},
  volume={12},
  pages={31--49},
  year={2015},
  publisher={Elsevier}
}
@article{nychka2015multiresolution,
  title={A multi-resolution {G}aussian process model for the analysis of large spatial datasets},
  author={Nychka, Douglas and Bandyopadhyay, Soutir and Hammerling, Dorit and Lindgren, Finn and Sain, Stephan},
  journal={Journal of Computational and Graphical Statistics},
  volume={24},
  number={2},
  pages={579--599},
  year={2015},
  publisher={Taylor \& Francis}
}
@article{paige2015fieldsMAGMA,
title={fieldsMAGMA: A MAGMA-accelerated extension to the 'fields' spatial statistics R package},
 author={John Paige and Doug Nychka and Dorit Hammerling},
 journal={NCAR Technical Note},
 volume={NCAR/TN-520},
 year={2015},
 publisher={National Center for Atmospheric Research}
 }
 
@article{alexeeff2016emulating,
  title={Emulating mean patterns and variability of temperature across and within scenarios in anthropogenic climate change experiments},
  author={Alexeeff, Stacey E and Nychka, Doug and Sain, Stephan R and Tebaldi, Claudia},
  journal={Climatic Change},
  pages={1--15},
  year={2016},
  publisher={Springer}
}


@article{anderson2016comparison,
  title={A comparison of automated statistical quality control methods for error detection in historical radiosonde temperatures},
  author={Anderson, Ashley N and Browning, Joshua M and Comeaux, Joey and Hering, Amanda S and Nychka, Douglas},
  journal={International Journal of Climatology},
  volume={36},
  number={1},
  pages={28--42},
  year={2016},
  publisher={Wiley Online Library}
}
@article{dalmasse2016ROAM,
  title={ROAM: a Radial basis function Optimization Approximation Method for diagnosing the three-dimensional coronal magnetic field },
  author={ Dalmasse, K and  Nychka, DW and Gibson, SE and Fan,  Y and Flyer,N},
  journal={Frontiers in Astronomy and Space Sciences},
  volume={3},
  year={2016},
  publisher={Frontiers}
}
@article{alexeeff2016bayesian,
  title={A {B}ayesian model for quantifying the change in mortality associated with future ozone exposures under climate change},
  author={Alexeeff, Stacey E and Pfister, Gabriele G and Nychka, Doug},
  journal={Biometrics},
  volume={72},
  number={1},
  pages={281--288},
  year={2016},
  publisher={Wiley Online Library}
}
@article{lenssen2016tutorial,
title={A Tutorial for Using 'Rmpi' on the NCAR/Wyoming Supercomputer},
 author={ Lenssen, Nathan and Nychka, Douglas and  Hammerling, Dorit and McGinnis, Seth},
 journal={NCAR Technical Note},
 volume={NCAR/TN-520},
 year={2016},
 publisher={National Center for Atmospheric Research}
 }
 
 @article{pazdernik2018reduced,
  title={Reduced Basis Kriging for Big Spatial Fields},
  author={Pazdernik, Karl and Maitra, Ranjan and Nychka, Douglas and Sain, Stephan},
  journal={Sankhya A},
  pages={1--21},
  year={2018},
  publisher={Springer}
}

@article{nychka2018modeling,
  title={Modeling and emulation of nonstationary {G}aussian fields},
  author={Nychka, Douglas and Hammerling, Dorit and Krock, Mitchell and Wiens, Ashton},
  journal={Spatial statistics},
  volume={28},
  pages={21--38},
  year={2018},
  publisher={Elsevier}
}
 @article{gerber2019parallel,
  title={Parallel cross-validation: a scalable fitting method for Gaussian process models},
  author={Gerber, Florian and Nychka, Douglas W},
  journal={arXiv preprint arXiv:1912.13132},
  year={2019}
}

@article{heaton2019case,
  title={A case study competition among methods for analyzing large spatial data},
  author={Heaton, Matthew J and Datta, Abhirup and Finley, Andrew O and Furrer, Reinhard and Guinness, Joseph and Guhaniyogi, Rajarshi and Gerber, Florian and Gramacy, Robert B and Hammerling, Dorit and Katzfuss, Matthias and others},
  journal={Journal of Agricultural, Biological and Environmental Statistics},
  volume={24},
  number={3},
  pages={398--425},
  year={2019},
  publisher={Springer}
}
@article{dalmasse2019data,
  title={Data-optimized Coronal Field Model. I. Proof of Concept},
  author={Dalmasse, K and Savcheva, A and Gibson, SE and Fan, Y and Nychka, DW and Flyer, N and Mathews, N and DeLuca, EE},
  journal={The Astrophysical Journal},
  volume={877},
  number={2},
  pages={111},
  year={2019},
  publisher={IOP Publishing}
}
@article{gagne2019interpretable,
  title={Interpretable deep learning for spatial analysis of severe hailstorms},
  author={Gagne II, David John and Haupt, Sue Ellen and Nychka, Douglas W and Thompson, Gregory},
  journal={Monthly Weather Review},
  volume={147},
  number={8},
  pages={2827--2845},
  year={2019}
}

@article{huang2019estimating,
  title={Estimating precipitation extremes using the log-histospline},
  author={Huang, Whitney K and Nychka, Douglas W and Zhang, Hao},
  journal={Environmetrics},
  volume={30},
  number={4},
  pages={e2543},
  year={2019},
  publisher={Wiley Online Library}
}

@article{nychka2020wahba,
  title={A conversation with {G}race {W}ahba},
  author={Nychka, Douglas and  Ping Ma and Douglas Bates},
  journal={Statistical Science},
  pages={},
  year={2020},
  publisher={Institute of Mathematical Statistics}
}

@article{porcu202030,
  title={30 Years of Space-Time Covariance Functions},
  author={Porcu,Emilio and  Reinhard Furrer and Douglas Nychka},
  journal={WIREs: Computational Statistics},
  year={2020}
}
%Mat\`{e}rn
@article{wiens2020modeling,
  title={Modeling spatial data using local likelihood estimation and a {M}at\`{e}rn to {SAR} translation},
  author={Wiens, Ashton and Nychka, Douglas and Kleiber, William},
  journal={Environmetrics},
  volume={31},
  number={6},
  year={2020}
}

@article{gerber2021parallel,
  title={Parallel cross-validation: A scalable fitting method for {G}aussian process models},
  author={Gerber, Florian and Nychka, Douglas W},
  journal={Computational Statistics \& Data Analysis},
  volume={155},
  pages={107113},
  year={2021},
  publisher={Elsevier}
}


@article{wiens2021nonrigid,
  title={Nonrigid registration using {G}aussian processes and local likelihood estimation},
  author={Wiens, Ashton and Kleiber, William and Nychka, Douglas and Barnhart, Katherine R},
  journal={Mathematical Geosciences},
  year={2021}
}

@article{simonson2020rapid,
  title={Rapid numerical approximation method for integrated covariance functions over irregular data regions},
  author={Simonson, Peter and Nychka, Douglas and Bandyopadhyay, Soutir},
  journal={Stat},
  volume={9},
  number={1},
  pages={e275},
  year={2020},
  publisher={Wiley Online Library}
}



@article{nychka2020conversation,
  title={A Conversation with {G}race {W}ahba},
  author={Nychka, Douglas and Ma, Ping and Bates, Douglas and others},
  journal={Statistical Science},
  volume={35},
  number={2},
  pages={308--320},
  year={2020},
  publisher={Institute of Mathematical Statistics}
}

@article{gerber2021fast,
  title={Fast covariance parameter estimation of spatial {G}aussian process models using neural networks},
  author={Gerber, Florian and Nychka, Douglas},
  journal={Stat},
  volume={10},
  number={1},
  pages={e382},
  year={2021},
  publisher={Wiley Online Library}
}

@article{ilyas2021global,
  title={Global ensemble of temperatures over 1850-2018: quantification of uncertainties in observations, coverage, and spatial modeling ({GETQUOCS})},
  author={Ilyas, Maryam and Nychka, Douglas and Brierley, Chris and Guillas, Serge},
  journal={Atmospheric Measurement Techniques},
  volume={14},
  number={11},
  pages={7103--7121},
  year={2021},
  publisher={COPERNICUS GESELLSCHAFT MBH}
}

@article{bailey2021adapting,
  title={Adapting conditional simulation using circulant embedding for irregularly spaced spatial data},
  author={Bailey, Maggie D and Bandyopadhyay, Soutir and Nychka, Douglas W},
   volume={11},
  number={1},
  journal={Stat},
   pages={e446},
   year={2022},
   publisher={Wiley Online Library}
}

@article{blake2021discussion,
  title={Discussion on Competition for Spatial Statistics for Large Datasets},
  author={Blake, Lewis R and Khaliukova, Olga and Pinard, Alexander and Nychka, Douglas and Hammerling, Dorit and Bandyopadhyay, Soutir},
  journal={Journal of Agricultural, Biological and Environmental Statistics},
  volume={26},
  number={4},
  pages={596--598},
  year={2021},
  publisher={Springer}
}

 @Misc{nychka2021fields,
    title = {fields: Tools for spatial data},
    author = {{Douglas Nychka} and {Reinhard Furrer} and {John Paige} and {Stephan Sain}},
    note = {R package version 13.3},
    organization = {Colorado School of Mines},
    address = {Golden, CO, USA},
    year = {2021},
    url = {https://github.com/dnychka/fieldsRPackage},
  }



@article{porcu202130,
  title={30 Years of space--time covariance functions},
  author={Porcu, Emilio and Furrer, Reinhard and Nychka, Douglas},
  journal={Wiley Interdisciplinary Reviews: Computational Statistics},
  volume={13},
  number={2},
  pages={e1512},
  year={2021},
  publisher={Wiley Online Library}
}
  
 @article{durell2022functional,
  title={Functional forecasting of dissolved oxygen in high-frequency vertical lake profiles},
  author={Durell, Luke and Scott, J Thad and Nychka, Douglas and Hering, Amanda S},
  journal={Environmetrics},
  pages={e2765},
  year={2022},
  publisher={Wiley Online Library}
}


  
  @article{garrish2023gaussian,
  title={A Gaussian Process Model for Insulin Secretion Reconstruction with Uncertainty Quantification: Applications in Cystic Fibrosis},
  author={Garrish, Justin and Chan, Christine and Nychka, Douglas and Diniz Behn, Cecilia},
  journal={SIAM Journal on Applied Mathematics},
  pages={S65--S81},
  year={2023},
  publisher={SIAM}
}

  @article{bailey2023regridding,
  title={Regridding uncertainty for statistical downscaling of solar radiation},
  author={Bailey, Maggie D and Nychka, Douglas and Sengupta, Manajit and Habte, Aron and Xie, Yu and Bandyopadhyay, Soutir},
  journal={Advances in Statistical Climatology, Meteorology and Oceanography},
  volume={9},
  number={2},
  pages={103--120},
  year={2023},
  publisher={Copernicus Publications G{\"o}ttingen, Germany}
}
  
 

@article{hofkes2024hybrid,
  title={Hybrid Smoothing for Anomaly Detection in Time Series},
  author={Hofkes, Matthew and Nychka, Douglas},
  journal={arXiv preprint arXiv:2402.03459},
  year={2024}
}

@article{pradhan2023,
  title={Beyond the Odds: Fitting Logistic Regression with Missing Data in Small Samples},
  author={  Pradhan, Vivekananda and Nychka, Douglas and Soutir  Bandyopadhyay },
  journal={manuscript},
  year={2023}
}

@article{rai2024fast,
  title={Fast parameter estimation of generalized extreme value distribution using neural networks},
  author={Rai, Sweta and Hoffman, Alexis and Lahiri, Soumendra and Nychka, Douglas W and Sain, Stephan R and Bandyopadhyay, Soutir},
  journal={Environmetrics},
  volume={35},
  number={3},
  pages={e2845},
  year={2024},
  publisher={Wiley Online Library}
}

@article{sikorski2024normalizing,
  title={Normalizing Basis Functions: Approximate Stationary Models for Large Spatial Data},
  author={Sikorski, Antony and McKenzie, Daniel and Nychka, Douglas},
  journal={Stat},
  volume={13},
  number={4},
  pages={e70015},
  year={2024},
  publisher={Wiley Online Library}
}







